2648 3928
480 217 704 328 ..915

73 389 262 473 admittunt;
285 387 347 456 alia
369 409 469 478 porro
492 410 589 460 masc.
620 393 650 459 iu
675 391 756 481 plur.
779 395 835 484 nt,
864 413 903 460 ac
933 394 1005 462 iem.
1035 396 1105 464 vice

73 527 172 578 versa
195 507 227 573 iu
250 505 330 594 plur.
356 515 444 610 0⁵7-
470 506 686 577 terminantur.
732 507 811 576 Vide
835 507 946 577 ionica.

166 613 324 706 Nonnulla
346 637 474 704 nomina
486 640 611 706 nonnisi
633 639 664 706 in
688 659 774 710 num.
787 639 873 728 sing..
895 640 958 708 alia
971 640 1009 734 jn
1025 641 1106 730 plur.

73 763 202 822 tantum
224 770 360 819 numero
382 729 560 840 legunturs
572 766 656 876 nm,
678 756 783 878 mg,
806 734 898 862 ott&
914 797 959 808 ...
981 769 1105 880 Um

75 896 187 1008 nan
210 885 454 1012 verrent·
694 895 700 904 ·
1093 989 1096 1000 .

165 1021 202 1088 In
229 1033 311 1086 voco
340 1019 517 1142 nttsjim'n
548 1017 650 1087 forma
678 1041 763 1087 num.
794 1019 887 1099 duat,
916 1023 948 1088 in
977 1020 1104 1141 omn?

75 1159 168 1234 (ante
193 1150 286 1237 Gen.)
308 1149 445 1240 aliisque
469 1150 572 1220 torma
594 1151 676 1240 plor.
699 1152 912 1219 terminationi
935 1151 1017 1240 plur.
1040 1153 1103 1220 ad·

70 1265 188 1355 juncta
210 1274 269 1332 est

166 1382 201 1470 ᾗ.
225 1379 256 1449 4.
298 1380 462 1448 Dialectus
480 1378 649 1462 hebraica,
670 1381 790 1470 pariter
813 1391 911 1472 atquo
934 1353 1105 1467 ammaim,

75 1494 252 1564 flexionem
282 1513 416 1563 casuum
440 1506 473 1563 et
504 1494 736 1564 declinationes
766 1497 896 1587 proprie
924 1497 972 1565 sic
1002 1497 1104 1566 dictas
1161 1561 1167 1572 ,
1240 1477 1246 1486 ’

74 1633 143 1680 non
166 1609 313 1700 hebed).
359 1609 480 1700 Singuli
504 1631 600 1680 casus
628 1630 688 1702 per
711 1612 968 1703 Praepositioues
999 1615 1105 1703 expri-

74 1735 213 1807 muntur,
237 1728 413 1795 Genitionr
437 1746 516 1795 vero
545 1727 737 1818 plerumque
766 1729 817 1808 ita,
846 1739 881 1795 nt
908 1749 1026 1798 nomen
1050 1750 1105 1798 re·

75 1861 159 1934 gens
182 1842 301 1909 nomini
325 1850 415 1909 recto
439 1843 658 1931 praepositum
683 1861 757 1910 cum
775 1863 814 1910 eo
830 1844 1008 1909 arctissime
1026 1862 1104 1908 con-

71 1960 214 2050 jugatur,
229 1968 262 2027 et
279 1957 310 2023 in
325 1973 421 2024 unam
435 1956 527 2046 quasi
544 1977 658 2025 vocem
671 1957 841 2026 coalescat.
864 1957 944 2023 Hinc
960 1953 1105 2036 efficitur,

75 2083 111 2141 ut
135 2072 225 2164 prius
248 2092 367 2140 nomen
390 2081 467 2139 tono
490 2071 560 2138 fere
576 2069 775 2155 destitutum,
798 2068 929 2162 qua'ndo
944 2067 1015 2138 fieri
1032 2073 1105 2160 pot'·

76 2197 137 2270 est,
165 2186 378 2268 contrabatur,
408 2197 464 2254 aut
486 2186 695 2254 mutationem
712 2186 871 2278 ejusmodi
893 2185 1017 2268 subeat,
1040 2187 1106 2275 qud

76 2302 260 2393 conjunctio
283 2301 405 2372 facilior
428 2303 583 2374 redditur.
612 2303 701 2396 Haec
725 2303 827 2374 torma
848 2321 869 2368 a
891 2302 1106 2392 grammaticis

75 2429 185 2488 etatae
206 2428 411 2488 constructura
425 2415 616 2508 ‘nuncupari
640 2417 731 2498 solet
754 2417 854 2488 altera
869 2439 954 2501 vero,
978 2439 1018 2488 ex
1041 2417 1107 2507 qud

77 2551 199 2604 nomen
232 2542 364 2623 praeter
397 2533 655 2623 conjunctionem
689 2531 837 2604 absolute
871 2537 1011 2623 positum
1048 2542 1106 2610 est,

77 2659 188 2718 atottu
209 2649 377 2718 obuolutum
400 2646 525 2718 dicitur.

171 2763 288 2833 Forma
310 2772 412 2832 status
441 2759 579 2830 absoluti
601 2763 633 2828 in
656 2771 726 2830 stat.
749 2773 865 2831 constr.
893 2761 980 2830 vario
1010 2756 1108 2828 modo

149 2961 177 3030 ⁸)
213 2957 272 3018 sart
287 2957 451 3018 Accusativi
469 2962 549 3018 carto
567 2974 662 3032 casus,
680 2959 792 3033 quatem
804 2955 913 3018 Arabes
930 2955 1044 3030 habeut,
1063 2974 1109 3018 ve·

76 3048 193 3122 stigium
211 3049 354 3120 reperitur
376 3047 405 3106 in
429 3052 470 3106 He
493 3050 574 3105 tacuit
595 3047 614 3107 i.
632 3061 658 3109 a.
681 3048 710 3106 tu
734 3046 933 3108 terminatione
951 3050 1016 3149 n'a‘
1038 3050 1107 3105 tono

77 3161 221 3234 destituta,
239 3177 314 3236 quaa
332 3161 378 3223 hio
398 3161 451 3221 iilic
470 3162 603 3234 occurrit,
622 3177 655 3221 ac
673 3160 860 3220 directionem
872 3162 902 3222 in
915 3161 1030 3238 aliquid,
1047 3162 1109 3220 sira

77 3254 193 3314 motum
203 3251 242 3340 „in
259 3251 383 3327 aliqum
400 3251 497 3312 locum
515 3249 685 3325 plerumque
704 3249 839 3324 designat
