2626 3930
391 1059 809 1162 PRAEFATIO.

526 1360 681 1370 ..--...-‹

90 1575 239 1662 Litteras
263 1583 436 1652 orientales
460 1583 535 1648 mihi
559 1584 590 1648 in
614 1583 817 1650 universitate
841 1581 990 1650 litteraria
1014 1573 1112 1648 Bero-

90 1735 200 1800 tinensi
232 1727 361 1800 docenti
390 1725 584 1814 plerumque
615 1723 746 1804 accidit,
781 1734 814 1790 ut
843 1724 1017 1802 nescirem,
1046 1733 1112 1810 quo

92 1863 286 1948 potissimum
324 1864 406 1932 libro
443 1877 594 1954 tanquam
626 1865 710 1930 duce
746 1868 778 1930 in
807 1862 997 1931 lectionibus
1029 1864 1110 1928 meis

94 2018 210 2066 uterer.
258 2005 386 2072 Exstant
409 2005 540 2093 quidem
565 2006 759 2092 singularum
788 2003 967 2090 linguarum
992 2005 1111 2082 Gram-
1190 2089 1192 2094 Α

88 2143 226 2210 maricae
249 2156 347 2233 atque
372 2145 646 2214 Chrestomathiae
670 2165 689 2212 a
712 2145 788 2211 viris
810 2143 1004 2212 doctissimis
1034 2165 1112 2212 con-

87 2284 243 2371 scriptae3
267 2285 330 2352 hae
353 2305 429 2353 vero
445 2287 563 2374 partim
580 2287 623 2352 ita
639 2297 843 2374 comparatae
860 2296 940 2365 sunt,
964 2298 997 2353 ut
1013 2288 1110 2356 nimio

85 2437 236 2492 constent
266 2428 383 2514 pretio,
411 2447 473 2494 nec
503 2425 623 2515 ubique
652 2428 863 2507 inveniantur,
891 2429 1006 2515 partim
1035 2449 1112 2496 vero

85 2565 228 2632 tironum
252 2567 323 2632 usui
349 2568 452 2634 minus
476 2579 549 2634 sunt
565 2568 839 2636 accommodatae.
861 2567 1003 2637 'Juvenes
1027 2569 1111 2634 enim

83 2705 232 2781 studiosi,
258 2710 312 2796 qui
337 2711 366 2775 in
391 2710 449 2776 has
474 2710 594 2774 litteras
619 2707 805 2776 incumbere
831 2708 968 2794 cupiunt,
997 2707 1113 2772 nostris

85 2856 181 2914 certe
206 2848 237 2912 in
262 2849 355 2916 terris
379 2861 414 2914 ut
436 2849 606 2938 plurimum
632 2849 747 2937 opibus
772 2869 834 2914 non
857 2846 1029 2928 abundant,
1052 2847 1113 2916 sed

83 2997 202 3054 contra
231 2989 357 3056 fortuna
386 2990 561 3058 admodum
592 2989 749 3057 mediocri
782 2988 938 3056 laborant.
990 2991 1113 3080 itaque,

82 3129 111 3193 si
140 3147 240 3219 quam
264 3131 404 3220 linguam
428 3130 575 3199 ediscere
600 3133 631 3198 in
655 3132 761 3199 auimo
777 3129 904 3212 habent,
927 3151 989 3199 neo
1005 3132 1113 3199 volunt

80 3288 152 3337 nec
175 3281 318 3370 possunt·
333 3271 467 3339 muttum
490 3273 648 3361 pecuniae
671 3293 730 3362 pro
753 3272 850 3353 libris,
874 3271 928 3360 qui
952 3270 1113 3341 elementa
