2626 3930
94 425 198 492 omnis
222 424 351 515 generis
375 423 577 512 scriptorum,
602 444 686 512 quae
711 424 796 513 typis
813 443 967 511 expresse
988 426 1120 512 prodie-

81 575 175 632 runt
228 565 300 644 Qua
328 565 359 630 in
389 585 424 630 re
460 565 605 631 consulto
636 566 727 635 omisi
757 565 866 644 libros,
899 567 955 652 qui
983 566 1015 632 in
1052 567 1121 632 aliis

97 706 201 786 terris,
226 707 257 771 in
280 705 393 772 Russia
418 706 607 792 praesertim
632 718 664 776 et
680 706 813 774 Oriente
836 705 1121 786 luoem'viderunt,

101 858 200 936 atque
224 847 307 912 hano
330 845 372 912 ob
397 865 528 914 causam
554 866 628 912 raro
652 867 835 936 magnoque
866 857 988 914 tentum
1018 850 1121 937 pretio

97 989 278 1078 comparari
302 998 445 1076 possunt.
490 985 557 1052 Sed
581 985 686 1062 doleo,
710 987 798 1075 quod
823 989 854 1054 in
884 989 933 1060 bis
962 990 1121 1058 indicibus

97 1129 197 1197 libros
219 1126 387 1196 nonnullos
411 1129 692 1215 praetermiserim,
715 1129 769 1216 qui
794 1127 948 1194 tironibus
972 1151 1035 1195 non
1059 1134 1122 1195 mi·
1226 1112 1229 1117 ’

96 1289 158 1335 nus
182 1287 280 1356 quam
304 1268 354 1334 alii
380 1267 628 1336 commendandi
643 1278 731 1347 sunt;
758 1279 854 1356 atquo
871 1267 1009 1335 arabicis
1024 1289 1123 1359 prae-

98 1411 211 1478 sertim
234 1408 358 1477 addere
382 1409 492 1476 velim:

96 1553 176 1620 aot
202 1553 368 1630 Humbort,
391 1523 519 1617 arabibu
545 1549 792 1616 ohrestomatbia
818 1551 945 1618 facilior.
993 1551 1124 1622 Parisiis

192 1695 286 1762 1835.
311 1696 342 1760 8.
366 1702 463 1779 atque

106 1837 264 1918 Ejturlem
287 1833 475 1920 Antbologie
499 1833 604 1910 arabe,
629 1853 670 1898 ou
694 1830 788 1897 choix
803 1831 847 1897 de
863 1833 993 1918 poesies
1009 1833 1126 1900 arabes

92 2071 98 2078 ⁶
197 1973 343 2056 ineditos,
373 1973 511 2038 traduite
541 1994 581 2038 en
618 1973 770 2054 franpais,
801 1991 880 2039 aveo
908 1971 940 2039 le
971 1985 1056 2040 texte
1087 1995 1127 2039 en
1194 1995 1205 2003 ·

194 2115 321 2204 rogero,
346 2125 380 2181 et
402 2114 643 2202 aoeompagnbe
668 2112 763 2180 d'uoe
793 2114 920 2179 version
949 2113 1044 2182 latine
1075 2116 1126 2180 lit·
1210 2125 1213 2136 '

191 2254 303 2322 tbrale.
350 2255 439 2320 Paris
463 2260 560 2324 1818.
585 2259 613 2322 8.
662 2262 704 2342 ψ
727 2255 762 2320 fr.

193 2399 226 2463 ln
250 2396 498 2465 chrestomutbia
522 2399 625 2483 primo
647 2395 720 2462 loeo
744 2397 835 2483 posui
860 2407 998 2484 quatuor
1022 2397 1128 2468 Gene-

105 2558 182 2606 seos
206 2539 312 2626 eapite
337 2539 450 2626 priore.
489 2537 558 2604 lloo
580 2537 718 2603 tortasse
744 2539 816 2604 vitio
833 2538 908 2602 mibi
925 2549 1049 2606 vertent
1072 2539 1129 2604 viri

18 2720 20 2773 g
51 2640 60 2656 ἱ
108 2677 204 2754 docti,
227 2651 375 2766 quume
405 2678 606 2744 versionibus
630 2677 807 2766 linguarum
825 2677 958 2744 indoles
987 2677 1130 2764 plerum-

105 2839 173 2906 que
198 2821 336 2907 perspici
360 2831 510 2907 nequeat.
558 2821 769 2886 Veruntamen
793 2817 888 2884 variis
912 2820 1017 2886 onusis
1041 2839 1131 2886 com-

107 2970 213 3026 motus
236 2959 299 3028 hoo
322 2961 505 3028 laciendum
529 2961 713 3029 existimavi.
759 2963 804 3026 llo
828 2961 966 3048 primum
998 2960 1131 3048 quidem

106 3101 242 3188 praeivit
265 3099 357 3181 Otho,
381 3103 472 3190 cujus
496 3102 673 3190 „palaestra
702 3102 881 3191 linguarum
910 3101 1130 3168 orientalium‘
1180 3093 1191 3101 ’

18 3220 20 3241 ¹
107 3241 228 3329 pluries
258 3241 345 3310 edita
374 3243 488 3310 borum
518 3243 700 3312 libellorum
732 3242 933 3310 edendorum
962 3243 1130 3312 bonolium

699 3355 701 3358 ¹
901 3360 919 3394 fl·
