2648 3928
618 175 836 242 ..92-

209 362 441 442 commutatum
456 353 586 422 vocales
602 352 686 418 enim
703 348 861 444 syllabam
877 349 1022 418 ultimam
1042 349 1247 420 antecedan-

211 479 271 551 tes,
294 489 378 559 qnae
401 469 572 536 mutabiles
596 477 668 535 sunt
691 466 746 554 (cl.
769 483 842 558 pag.
867 471 916 536 19.
940 476 973 533 et
991 471 1044 536 26.
1059 472 1133 556 sq),
1155 467 1184 532 si
1207 477 1247 536 st

213 594 286 653 cstr.
299 573 387 675 sing.
410 586 543 653 sormam
568 595 660 717 qm
691 603 711 648 a
734 592 826 714 qn?
858 580 1004 651 dcclv.
1035 580 1247 671 eandemque
1314 577 1315 642 l

214 717 247 784 in
270 716 353 786 decl.
375 718 421 787 Vl.
445 675 851 808 exceperis2¹abjioiuntnr,
873 703 984 782 ultima
1013 735 1090 783 vero
1114 712 1250 782 brevior

215 831 264 912 fit,
287 853 326 899 ac
355 835 595 900 terminationes
625 833 668 922 pl.
700 842 791 936 0⁹7
822 841 865 896 et.
885 829 969 904 dual.
1001 842 1089 957 0⁸⁸¹-
1121 830 1153 899 in
1177 841 1250 937 'T’

214 976 288 1084 ,7ss
319 967 393 1033 t'em.
421 966 501 1056 sing.
529 966 561 1033 in
591 981 676 1069 07,
706 975 781 1070 ΠΤ.
810 981 908 1030 masc.
938 963 1017 1054 sing.
1045 967 1080 1033 in
1103 976 1188 1070 ,¹13
1214 975 1251 1031 et

216 1110 271 1202 t:-
302 1098 335 1164 in
364 1111 422 1208 ³3·
451 1110 628 1172 transcunt.
674 1075 791 1168 Rarids
821 1097 1061 1166 terminationes
1085 1110 1143 1204 ⁹7-
1176 1099 1250 1187 θη·

217 1234 311 1300 statui
335 1242 451 1301 constr.
475 1232 659 1301 denotando
682 1231 865 1299 inserviunt.

306 1348 545 1416 accedentibus
568 1345 811 1438 pronominibus
834 1343 956 1412 suffixis
987 1344 1110 1427 lormae
1139 1348 1251 1414 nomi·
1314 1349 1315 1400 t

218 1483 295 1530 num
319 1463 350 1528 in
373 1463 516 1530 litteram.
535 1471 766 1531 consonantem
795 1460 983 1528 desinentes
1012 1459 1160 1531 vocalem
1190 1482 1251 1528 au·

217 1576 362 1644 riliarem
386 1587 561 1658 assumunt,
585 1597 644 1644 eae
668 1596 755 1658 vero,
778 1595 863 1664 quae
886 1575 919 1642 in
941 1574 1089 1644 vocalem
1118 1587 1250 1662 exeunt,
1314 1553 1315 1560 ἵ

214 1690 362 1780 ,exceptis
402 1689 481 1761 Sull.
509 1690 544 1762 ll.
571 1713 603 1782 p.
632 1713 657 1760 s.
693 1699 735 1758 m.
768 1696 874 1779 (extra
909 1698 1060 1780 pausam)
1090 1701 1123 1758 et
1152 1693 1187 1758 ll.
1218 1713 1252 1780 p.
1314 1773 1315 1780 ἵ

218 1805 262 1897 pl.
285 1825 327 1874 m.
352 1816 384 1874 et
408 1807 426 1874 l.
450 1807 610 1899 ejusmodi
625 1808 772 1878 vocalem
790 1815 954 1895 respuunt.
972 1849 1012 1860 -
1037 1809 1173 1879 Formae
1189 1827 1251 1873 no·

217 1925 339 1992 minum
367 1924 441 1992 lem.
469 1925 552 2015 plur.
580 1934 655 1992 anta
689 1923 803 1992 suffixa
840 1920 917 1990 addi
951 1922 1036 1992 solet
1068 1923 1253 1998 terminatio
1314 1965 1315 1968 =

218 2049 289 2108 stat.
320 2050 437 2110 constr.
471 2041 513 2131 pl.
549 2060 648 2108 masc.
674 2061 702 2108 e.
732 2061 761 2129 g.
790 2040 1006 2144 qftmoao,
1034 2040 1140 2108 rarius
1168 2039 1257 2108 baec

221 2173 387 2241 omittitur:
412 2171 525 2278 amq,
547 2179 704 2300 amm,
730 2173 882 2295 noina-q,
906 2172 1069 2296 nmffiqt,
1092 2169 1233 2292 nmina

309 2307 398 2385 Quas
420 2305 581 2374 vocalium
605 2308 798 2374 mutationes
820 2307 950 2373 nomina
965 2307 997 2374 in
1014 2303 1156 2374 flexione
1171 2306 1256 2374 sub·

96 2417 100 2426 '
219 2429 303 2503 aaut,
325 2429 415 2508 patet
438 2440 478 2486 ex
502 2419 622 2509 regulis
644 2439 715 2510 pag.
740 2423 792 2492 19.
811 2439 884 2510 sqq.
909 2431 942 2489 et
963 2422 1157 2518 praesertim
1178 2443 1255 2512 pag.

220 2539 271 2608 26.
296 2557 344 2625 sq.
368 2533 501 2605 traditis.

311 2652 464 2744 Sequitur
487 2651 598 2722 tabula
622 2651 766 2722 flexionis
789 2655 962 2722 nominum.
