2626 3930
630 279 833 326 ...vl-.-

220 433 290 519 ejus
314 429 460 515 doceant,
483 433 543 499 sibi
568 437 793 524 comparandis
822 435 1026 525 impendere;
1057 456 1095 504 ao
1125 436 1241 506 biblio-

219 569 333 638 thecae
372 571 521 666 publicae
567 577 690 642 nonnisi
737 599 834 643 unum
880 576 1034 644 librorum
1082 579 1243 666 ejusmodi

219 713 385 800 exemplar
407 715 615 802 suppeditare
640 717 751 784 solent.
788 719 879 798 Quae
903 739 1013 806 quum·
1028 718 1071 783 ita
1093 719 1163 797 sint,
1188 717 1241 785 diu

219 852 371 940 equidem
401 849 601 944 multumque
637 857 679 924 de
710 857 890 925 scribendis
918 857 1122 947 edendisque
1152 857 1241 925 libris
1299 901 1301 914 ,

219 993 378 1080 ejusmodi
403 997 590 1084 cogitabam,
614 1001 668 1088 qui
693 1019 711 1064 a
734 1001 837 1087 pretio
868 1020 947 1068 nou.
962 1000 1066 1067 miuus
1096 1018 1193 1098 quam
1223 1019 1243 1064 a

218 1135 390 1203 commodo
417 1136 573 1208 tironibus
611 1139 832 1207 commendari
863 1141 1004 1228 possint,
1035 1139 1194 1228 facileque
1224 1159 1243 1204 a

217 1273 392 1366 bibliopola
416 1276 641 1348 honestissimo
664 1281 798 1361 Eiohler‚
821 1265 962 1371 quocum
985 1281 1082 1370 longa
1105 1280 1243 1347 amicitia

218 1418 409 1504 conjunctus
434 1440 531 1498 eram,
555 1421 733 1507 impetravi,
757 1432 791 1485 ut
821 1423 984 1507 impensas
1015 1441 1127 1487 eorum
1156 1423 1242 1510 typis

218 1554 505 1622 exscribendorum
529 1557 758 1644 suppeditaret.
788 1558 888 1624 lmmo
913 1561 1008 1624 etiam
1028 1558 1115 1624 idem
1131 1569 1242 1624 auctor

217 1695 282 1775 luit,
304 1705 346 1773 ut,
370 1695 458 1784 quod
482 1697 522 1764 ab
545 1696 631 1762 initio
655 1706 808 1784 tanquam
831 1697 935 1764 minus
959 1697 1178 1764 necessarium
1202 1715 1241 1762 ac

217 1837 285 1904 lere
309 1835 513 1926 superfluum
537 1837 743 1926 respuebam,
767 1837 851 1904 bunc
874 1834 1017 1904 libellum
1039 1837 1167 1926 liuguae
1183 1834 1242 1903 he-

216 1976 347 2046 braicae
371 1969 477 2046 studio
502 1977 651 2057 dicatum,
683 1979 737 2065 qui
768 1988 891 2045 tomum
921 1979 1059 2066 primum
1090 1976 1243 2057 efficeret,

218 2119 361 2186 ederem.

305 2263 377 2327 Jam
402 2278 479 2324 vero
505 2259 663 2346 ejusmodi
687 2258 793 2332 libelli.
816 2260 842 2324 si
866 2258 952 2324 omni
976 2265 1130 2344 exparte
1154 2257 1241 2322 desi-

220 2401 317 2468 deriis
340 2399 526 2466 satisfacere
549 2397 703 2478 volumus,
727 2419 790 2471 uon
813 2398 912 2466 modo
936 2397 1099 2464 studiosae
1125 2396 1241 2484 juven·

219 2540 302 2620 tutis,
326 2559 410 2630 quae
435 2541 466 2605 in
490 2539 760 2627 praelectionibus
790 2538 962 2610 commode
991 2540 1029 2606 iis
1060 2541 1102 2606 uti
1133 2538 1242 2626 possit,

218 2704 331 2750 verum
361 2682 457 2748 etiam
487 2702 599 2748 eorum
635 2683 707 2748 usui
735 2681 969 2750 accommodati
1007 2702 1081 2749 esse
1113 2678 1253 2755 debent,

218 2825 273 2912 qui
304 2821 436 2920 proprio
469 2823 567 2890 Marte
603 2823 743 2912 linguam
778 2823 927 2892 ediscere
967 2822 1069 2886 velint.
1129 2815 1240 2902 ltaque

218 2963 452 3052 praemittenda
468 2972 517 3028 est
535 2967 762 3030 Grammatico
779 2931 892 3038 brevis,
919 2959 1089 3034 succincta,
1112 2953 1240 3042 linguae

218 3105 313 3194 genio
336 3101 547 3190 respondens,
571 3123 656 3190 quae
680 3103 802 3170 nonnisi
818 3104 937 3168 formas
953 3109 986 3166 et
1003 3096 1132 3187 regulas
1147 3097 1240 3162 tironi

219 3247 299 3314 scitu
323 3245 524 3313 necessarias
548 3244 709 3311 contineat
736 3261 835 3332 quam
859 3239 1048 3350 brevissimo
1078 3259 1117 3308 ac
1145 3239 1241 3306 lucu-
