2626 3930
483 299 521 314 -·
570 281 700 328 Vll-

79 439 262 510 lentissime
279 439 468 528 propositas,
485 449 519 505 ut
534 439 627 508 facile
643 439 856 529 intelligamur
867 445 1108 532 memoriaeque
1153 415 1155 426 ,

80 582 292 663 mandentur;
316 592 412 670 atque
436 601 499 647 non
524 582 628 654 minus
657 579 837 648 cavendum
868 593 924 664 est,
955 604 994 648 ne
1020 585 1109 671 justo

79 725 185 813 plura,
209 741 306 812 quam
330 743 370 788 ne
391 723 479 810 justo
502 725 655 810 pauciora
677 721 852 788 tradantur.
898 723 980 788 Huic
1008 743 1110 790 anne·

80 864 237 935 ciendum
269 874 322 931 est·
345 865 522 952 specimen
550 827 760 930 lectioniaiet
786 867 961 954 nnclyseoa
996 883 1110 930 eorunm

83 1005 243 1094 imprimis
266 1006 338 1073 usui
362 1004 565 1083 destinatum,
589 1005 642 1093 qui
667 1015 880 1093 praeceptore
905 1015 1053 1072 carentes
1077 1006 1109 1072 in

84 1148 226 1236 linguam
249 1145 436 1214 incumbere
460 1145 563 1212 velint.
594 1145 693 1212 Porro
710 1146 930 1213 necessarium
953 1145 1110 1228 duximus,

86 1291 328 1357 Litternturum
362 1285 501 1367 addere,
542 1287 609 1352 sive
646 1287 920 1352 enumerationem
954 1285 1109 1352 librorum

87 1429 258 1507 editorum,
281 1438 315 1494 ut
338 1429 465 1513 tirones,
495 1428 550 1516 qui
577 1425 649 1493 libri
677 1429 707 1493 in
733 1447 864 1516 quaque
892 1427 998 1518 lingua
1028 1448 1109 1496 con-

85 1570 195 1659 scripti
220 1569 251 1636 in
275 1567 379 1634 lucem
405 1566 588 1656 prodierint,
612 1579 644 1636 et
674 1590 693 1637 e
722 1568 840 1658 quibus
869 1589 941 1634 earn
971 1571 1109 1657 penitius

85 1712 234 1780 ediscere
269 1710 404 1797 possint,
446 1709 530 1778 bene
573 1724 775 1798 cognoscant.
837 1711 985 1798 Denique
1021 1711 1108 1777 haud

88 1851 204 1918 deesse
229 1846 328 1917 debet
346 1853 609 1919 c'lreutomntlin
635 1872 707 1920 cum
725 1853 913 1934 Glossario,
937 1870 1042 1938 eaque
1066 1853 1109 1916 ita

94 2001 278 2076 comparata,
302 2002 335 2057 ut
357 1991 399 2058 ab
425 1993 471 2070 iis,
495 2012 579 2080 quae
602 1990 764 2058 intellectu
789 1990 930 2058 faciliora
953 2001 1035 2074 sunt,
1064 1989 1107 2056 ad

90 2126 263 2198 difficiliora
288 2132 493 2223 intelligenda
517 2132 622 2199 aditus
645 2134 815 2222 aperiatur.

175 2271 229 2338 llis
252 2271 393 2341 breviter
404 2275 556 2362 expositis
568 2285 728 2362 superest,
751 2286 786 2342 ut
799 2273 840 2342 de
858 2276 907 2342 via
920 2294 960 2340 ac
975 2275 1108 2357 ratione,

86 2413 205 2501 quain
228 2413 277 2480 bis
300 2413 388 2483 libris
413 2413 549 2482 edendis
573 2417 736 2504 proposito
765 2436 805 2484 ac
835 2416 966 2484 consilio
997 2427 1107 2483 nostro

85 2553 272 2621 satisfacere
295 2555 522 2638 studuerimus,
546 2558 657 2646 paucis
680 2557 888 2626 disseramus.

173 2697 219 2760 dc
254 2696 391 2782 primum
427 2695 559 2786 quidem
591 2699 620 2762 in
656 2708 746 2784 parte
776 2694 889 2764 horum
924 2695 1104 2762 libellorum

29 2838 31 2844 '
85 2837 292 2924 grammatica
315 2857 393 2925 prae
416 2839 553 2905 caeteris
577 2837 755 2906 cauendum
779 2837 854 2903 mibi
878 2847 955 2917 erat,
978 2857 1020 2904 ne
1043 2856 1105 2904 no-

86 2997 330 3044 rerumrerum
365 2979 529 3046 studiosus
558 2997 765 3066 apparerem,
793 2989 892 3069 atque
916 2979 1105 3065 curandum,

84 3127 128 3202 ut,
143 3119 197 3206 qui
211 3117 343 3186 ulterius
360 3119 512 3210 progredi
528 3119 633 3198 velint,
650 3120 811 3213 principiis
822 3133 921 3210 atque
938 3120 1105 3188 elementis
1154 3175 1162 3190 .

80 3257 147 3344 jam
169 3259 278 3328 initiati
301 3261 441 3329 virorum
465 3261 634 3330 doctorum
659 3261 756 3330 libros
772 3261 996 3351 grammaticos
1013 3259 1105 3344 facile
