2626 3930
619 287 654 305 ⁶-
703 269 754 320 vm
800 291 838 305 -

215 426 400 516 intelligant,
422 437 521 518 atque
545 429 694 497 celeriter
717 431 748 496 in
772 429 952 520 cognitione
970 430 1148 518 linguarum
1172 431 1244 498 sin-

215 568 361 658 gularum
391 570 576 659 procedant.
618 569 731 660 ltaque
755 571 789 638 in
818 571 980 655 dialectis,
1012 589 1094 660 quas
1125 571 1245 652 dicunt,

215 713 367 778 semiticis
392 711 521 778 Gesenii
546 711 734 780 methodum
758 713 916 780 tironibus
940 712 1086 802 apprimo
1110 731 1242 780 accom-

214 851 378 919 modatam
402 853 669 946 persequendam
701 854 825 935 censui;
854 865 966 943 atque,
994 863 1031 918 ut
1058 853 1088 934 ii,
1117 855 1172 943 qui
1199 854 1243 922 ab
1301 829 1302 832 Ἴ

217 993 278 1062 alia
301 993 407 1084 lingua
431 994 471 1060 ad
496 994 589 1062 aliam
615 994 824 1063 ediscendam
854 992 990 1060 transire
1020 993 1163 1081 cupiant.
1192 994 1243 1064 vid

205 1135 278 1223 jam
303 1137 429 1226 cognita
452 1135 545 1204 lacile
568 1133 826 1225 progrediantur,
849 1135 1024 1224 statimque
1047 1134 1142 1202 aliam
1167 1155 1243 1204 cum

215 1277 276 1344 alia
300 1297 495 1367 comparare·
520 1279 657 1368 possint,
686 1279 803 1346 eadem
834 1279 953 1368 capita,
982 1283 1116 1354 easdam
1144 1303 1241 1375 para·

216 1419 365 1508 graphos‚
390 1421 488 1484 immo
512 1420 617 1501 etiam,
640 1417 696 1484 ubi
719 1417 911 1506 fieripoturt,
934 1423 1052 1490 cadem
1068 1425 1169 1492 verba
1186 1446 1240 1492 re-

211 1559 307 1640 tinui;
329 1567 504 1648 syntaxeos
526 1579 605 1624 vero
628 1557 758 1646 regulas
781 1561 916 1624 seorsim
930 1581 1121 1629 enumerare
1136 1575 1235 1651 atquc

211 1709 409 1788 pertractare
433 1697 614 1786 supersedi,
636 1718 737 1785 quum
761 1697 931 1767 verborum
955 1702 1037 1768 ordo
1053 1702 1083 1768 iu
1106 1701 1156 1768 bis
1172 1701 1234 1768 lin-

210 1842 280 1930 guis
309 1840 378 1907 siue
408 1839 587 1906 inversione
619 1836 717 1905 modo
752 1840 886 1906 naturali
929 1842 1102 1930 procedat,
1135 1847 1234 1933 atque

145 2073 149 2080 ι
209 1981 348 2050 ambitus
371 1980 552 2050 libellorum
576 1978 722 2048 brevitati
752 1981 885 2050 studere
913 1983 1077 2052 suaderet
1123 1984 1235 2052 Caete-

207 2146 288 2205 rum,
312 2142 396 2212 quae
421 2123 502 2189 scitu
524 2121 715 2190 videbantur
740 2125 932 2202 necessaria,
961 2123 1092 2212 singulis
1115 2123 1234 2190 oratio.

207 2265 256 2331 nis
280 2262 424 2353 partibus
447 2262 562 2352 adjeci.

294 2405 458 2493 Tanquam
493 2405 660 2493 specimen
696 2405 841 2473 lectionis
879 2415 913 2472 et
947 2404 1120 2496 analyseos
1149 2404 1231 2472 ultro

182 2545 282 2614 vmilri
313 2565 389 2613 sese
419 2544 533 2612 obtulit
561 2547 663 2613 oratio
694 2545 870 2626 dominica,
899 2567 939 2613 ex
962 2545 1114 2635 antiquis,
1145 2566 1236 2634 quae·

205 2700 351 2760 servatae
375 2700 459 2776 sunt,
483 2688 685 2756 versionibus
709 2686 867 2768 desumto,
896 2688 987 2776 cujus
1016 2687 1088 2756 loco
1112 2687 1143 2752 in
1167 2686 1229 2752 lin-

206 2831 277 2918 guis
300 2828 469 2910 bebraica,
498 2829 678 2908 chaldaica,
707 2829 900 2896 samaritana
929 2828 1052 2915 aliquot
1080 2823 1227 2912 decalogi

204 2989 316 3037 versus
340 2968 580 3038 substituendos
603 2973 719 3058 putavi.

237 3171 240 3179 .
294 3110 493 3193 litteratura,
517 3129 614 3198 quarn
630 3109 750 3190 addidi,
774 3108 897 3176 nonnisi
919 3105 1075 3174 librorum
1092 3127 1224 3176 enumc-

200 3252 357 3320 rationem
380 3251 484 3341 pretio
500 3249 694 3340 plerumque
710 3251 861 3338 adjuncto
874 3249 1023 3329 continet,
1046 3271 1225 3340 eorumque
