2626 3930
594 295 788 340 ...χ-

182 457 212 522 ἱη
243 453 480 526 meexeitavlt.
528 451 653 520 Deinde
691 452 794 540 primo
824 450 951 538 linguae
980 448 1148 537 specimini
1178 451 1208 515 iu

182 615 295 662 corum
323 596 472 682 gratiam,
501 594 556 683 qui
585 592 716 686 proprio
750 593 848 658 llarte
884 591 1023 679 linguam
1058 591 1210 657 ediscere

181 735 289 818 velint,
311 735 416 802 versio
433 734 653 817 interlinearis,
669 753 754 822 quae
771 733 895 809 (licitur,
917 729 1071 797 addenda
1085 731 1206 812 luisset,

181 896 246 964 qua
270 874 351 942 haec
375 873 481 962 capita
504 894 586 962 opus
609 894 673 940 non
696 871 830 952 habent;
859 893 899 940 arc
928 871 1078 961 denique,
1106 891 1206 960 quum

181 1014 362 1103 theologiae
390 1014 584 1104 plerumque
620 1011 755 1082 studiosi
789 1014 821 1080 iu
857 1013 980 1101 linguas
1014 1012 1206 1101 praesertim

180 1156 353 1234 semitioas,
376 1174 458 1244 quas
482 1153 633 1235 dicimus,
663 1153 849 1222 incumbere
879 1154 1017 1232 soleant,
1046 1153 1128 1220 liaeo
1151 1171 1206 1219 co.

179 1296 246 1384 pita
276 1294 439 1388 cedimus,
473 1315 558 1385 quae
593 1296 716 1363 aditum
750 1296 793 1364 ad
823 1296 990 1364 versiones
1017 1295 1206 1382 Scripturas¹

179 1435 298 1500 Sacrae
323 1435 546 1522 intelligendas
568 1438 721 1522 aperiant,
744 1436 906 1522 simulque
929 1435 1096 1522 specimen
1124 1455 1205 1522 pro-

180 1581 315 1661 ponant,
350 1592 415 1660 quo
450 1573 595 1662 singulae
635 1576 802 1642 versiones
837 1575 919 1640 inter
952 1593 989 1638 se
1025 1575 1204 1660 comparari

178 1714 312 1801 possint.
359 1713 451 1790 Quae
474 1724 591 1801 postea
619 1714 777 1803 exscripsi
807 1713 879 1780 loca
907 1733 927 1780 e
954 1710 1049 1778 variis
1077 1711 1205 1800 scriptis

179 1853 312 1933 selecta,
327 1853 409 1919 viam
427 1853 468 1920 ad
486 1853 629 1944 reliquos
644 1852 742 1922 libros
757 1852 981 1941 intelligendos
997 1847 1203 1940 patefacient;

178 2007 278 2086 atque
309 1957 456 2063 consulto
486 1997 516 2061 in
546 1995 674 2064 arabica
705 1994 954 2064 chrestomathia
983 1993 1070 2062 haud
1098 2013 1203 2082 pauca

178 2157 197 2204 e
228 2135 353 2203 Corano
377 2136 530 2214 desumsi,
553 2136 705 2224 quoniam
733 2136 817 2200 hunc
840 2135 956 2202 librum
979 2135 1099 2200 tirones
1123 2153 1201 2222 prae

177 2275 315 2342 caeteris
349 2274 459 2363 legere
488 2275 628 2368 cupiunt.
686 2272 889 2342 Chaldaicam
920 2273 1200 2342 chrestomathiam

177 2412 266 2504 quod
290 2414 414 2494 attinet,
445 2414 721 2502 praemonendum
750 2425 845 2503 puto,
874 2413 964 2504 quod
993 2413 1200 2484 fluctuantem

176 2565 369 2644 punctorum
392 2553 550 2622 vocalium
573 2557 764 2644 scripturam
789 2555 1020 2644 utplurimum
1049 2558 1200 2636 retinere,

176 2713 274 2784 quam
298 2705 418 2764 testum
443 2697 570 2784 penitus
594 2697 758 2786 corrigere
782 2697 888 2767 malui.
938 2735 950 2760 .

239 2835 385 2919 ‘Restat
414 2847 450 2904 ut
479 2858 566 2926 quas
599 2839 630 2904 in
660 2836 792 2926 singulis
815 2836 931 2904 libellis
962 2837 1079 2905 menda
1102 2847 1199 2926 typo·
1243 2900 1247 2906 ,
1297 2936 1300 2949 Ι

174 2973 340 3063 graphice,
364 2994 515 3066 quaeque
539 2976 744 3046 emendanda
773 2987 805 3042 et
828 2974 1032 3062 corrigendo,
1061 2985 1116 3040 eut
1138 2973 1199 3039 ad·
1302 2969 1303 2974 ’

175 3111 284 3180 denda
300 3113 486 3198 invenerim,
510 3115 563 3186 hle
578 3118 754 3206 proferam:
779 3115 812 3180 ln
828 3113 1037 3202 grammatica
1051 3111 1197 3182 arabica:

172 3275 203 3343 p.
228 3256 281 3325 17.
312 3254 362 3322 un.
394 3261 445 3326 13.
475 3256 548 3343 rege
577 3257 610 3344 e.
634 3261 666 3326 s.
690 3274 749 3343 pro
771 3256 803 3343 e.
828 3256 858 3324 7.
883 3275 913 3343 p.
938 3258 991 3326 1s.
1014 3254 1037 3327 r.
1060 3258 1090 3326 7.
1121 3253 1197 3346 vege
