2626 3930
608 207 740 286 -'·tt
789 251 826 314 3·-

193 383 277 466 suat.
321 373 445 452 dadam
468 377 593 448 ιιιίοιιι
615 374 759 449 inlibris
782 375 918 465 poeticis
940 375 1085 467 singrrlaa
1106 385 1241 456 senten.

193 475 258 552 tiae
282 493 324 560 et¹
338 481 488 554 membra
509 483 692 579 rhythmica
714 481 897 554 secundum
920 482 1022 553 lineas
1047 483 1242 567 divideban-

194 602 254 663 tur.
300 593 401 661 Porro
424 591 661 660 Pentatouebus
684 592 716 660 in
738 605 834 659 usum
849 591 1105 662 ecclesiasticum
1120 592 1152 658 in
1167 612 1241 659 ma-

191 703 283 792 jores
306 700 468 768 sectiones
497 720 523 770 s.
547 697 726 766 Parasobas
756 700 888 812 singulis
916 695 1081 768 sabbathis
1111 699 1243 790 praele-

195 806 328 897 gendus,
351 814 451 896 atque¹
472 804 617 874 similiter
637 807 856 896 prophetae
847 804 880 874 ιιἰ
903 808 1064 875 sectiones
1094 807 1154 874 illis
1184 827 1244 874 re-

194 927 419 1019 s,pontlentes
421 927 634 1019 ,llaphtaras“
649 931 823 1053 mmm]
847 931 1124 1024 dispescebantur.
1147 933 1244 1001 llaec

81 1147 91 1160 .
196 1064 302 1132 omnia
325 1042 479 1150 Talnaudo
487 1065 635 1158 priora
638 1057 735 1149 sunt,
747 1075 803 1157 aut
826 1075 915 1134 certe
938 1065 970 1134 ei
993 1065 1149 1156 aequalia.
1195 1069 1241 1133 At

195 1189 311 1262 seriori
335 1187 467 1258 demum
489 1183 640 1308 ternpore
668 1191 827 1283 singulae
844 1191 1021 1260 sententiae
1050 1199 1083 1258 ot
1110 1190 1246 1280 periodi
1308 1215 1309 1222 ¹

197 1301 326 1386 duobus
344 1317 545 1410 punctis(:)
574 1329 690 1446 Ριῡέ
716 1319 840 1442 qlo„
846 1313 952 1387 finis
947 1327 1084 1384 versus“
1114 1315 1244 1386 indica-

91 1501 94 1513 ,
194 1447 329 1531 banton
353 1458 453 1540 atque
476 1450 584 1522 bist
550 1451 648 1519 etiam
677 1451 838 1522 recentior
868 1459 917 1518 est
945 1447 1078 1518 subtilis
1099 1450 1152 1518 illa
1181 1468 1243 1520 ac·

199 1551 359 1628 centuatio
383 1575 404 1622 a
425 1556 615 1624 Masoretbis
638 1559 774 1638 inventa,
775 1557 871 1652 qua,
901 1555 1065 1647 quomodo
1081 1557 1243 1650 singulae

201 1664 359 1784 cujusque
383 1663 562 1745 sententiaa
583 1683 683 1735 voces
704 1663 789 1732 inter
811 1683 849 1731 se
859 1663 1084 1746 cohaereant,
1114 1673 1146 1750 et
1174 1667 1244 1754 qud

196 1770 320 1838 rationo
343 1770 375 1836 in
399 1768 579 1862 Synagogis
601 1751 794 1838 recitandae
812 1763 882 1853 siat,
911 1771 1072 1862 simulque
1094 1772 1242 1862 plerum-

199 1895 274 1972 que,
297 1889 459 1976 quaenam
482 1877 612 1972 syllaba
631 1887 743 1978 tonurn
763 1875 892 1961 habeat,
919 1877 1125 1970 significatur.

287 2013 448 2080 docentus
478 2009 661 2082 dividuntor
679 2015 712 2082 in
739 2009 995 2085 distinctiones
1019 2017 1184 2100 dominos,
1209 2030 1243 2085 et

198 2125 422 2209 coanneta'ooe
446 2137 470 2185 s.
494 2144 609 2191 anuos
644 2121 702 2212 qui
724 2123 756 2190 in
777 2121 910 2212 singulis
931 2122 1079 2192 uersibus
1106 2126 1149 2195 ita
1173 2125 1242 2192 dis-

196 2227 296 2317 -positi
319 2215 401 2307 sunt,
421 2235 460 2312 nt
481 2225 563 2294 alias
587 2226 629 2294 ab
653 2226 725 2311 alio,
748 2223 781 2296 e't
803 2247 918 2301 omnes
939 2232 1056 2300 iterum
1071 2232 1116 2300 ab
1129 2233 1242 2302 ultimo

199 2344 323 2422 eoque
336 2331 490 2412 maximo,
503 2334 643 2403 Sillolr
659 2333 746 2403 dicto
778 2325 995 2426 dependeant.
1052 2333 1167 2408 Silluk'
1184 2341 1242 2408 toti

198 2439 312 2520 versui,
323 2439 392 2528 qui
415 2441 499 2507 ditio
523 2441 594 2530 ejus
617 2441 803 2534 appellatur,
831 2445 977 2535 imperat,
1000 2447 1097 2536 eique
1117 2447 1150 2512 in
1169 2467 1243 2514 mo-

197 2545 255 2615 dio
290 2561 387 2614 versu
424 2541 604 2635 respondet
630 2551 783 2620 Atlnaclr
810 2562 869 2619 aut
894 2553 1017 2630 Morta
1035 2535 1242 2644 ’.ιιιιιιριοΙιι
1310 2623 1311 2650 J

199 2665 275 2736 tom,
299 2651 420 2744 quibus
442 2664 599 2747 tanquam
621 2661 882 2749 imperatoribus
905 2638 1022 2752 reliqui
1044 2672 1111 2732 tam
1134 2659 1243 2730 distin·
1310 2667 1311 2752 l

198 2763 289 2844 otiu
318 2763 461 2853 majores
490 2773 530 2832 ot
549 2765 704 2851 morea,
733 2770 803 2838 slve
829 2792 940 2858 rogeo,
963 2773 1089 2849 duoan
1100 2773 1243 2851 comites,

200 2887 301 2958 quarn
322 2870 515 2960 conjunctivi
538 2871 676 2964 subjecti
705 2886 787 2946 sunt.
833 2875 914 2946 Sunt
938 2897 1020 2948 uero
1049 2886 1242 3022 sequentes:
1310 2889 1311 2908 ¹

358 3001 413 3073 Α.
429 3004 677 3078 Diolinclivis.
701 2985 855 3082 Domini.
1006 3082 1011 3090 ,

181 3131 184 3144 '
289 3133 311 3200 l
335 3137 580 3228 Imperatores:
603 3143 637 3232 1)
661 3145 733 3235 (-)
757 3143 869 3219 solnta
892 3111 1025 3238 scalper
1040 3167 1115 3216 cum
1131 3147 1246 3238 Sopb·
1310 3201 1311 3204 ,

118 3285 125 3304 .
194 3268 309 3358 paule
338 3271 389 3363 (ζ)
416 3273 449 3341 in
478 3271 544 3344 find
566 3231 991 3407 vereas'ooajttnttumo
1010 3304 1046 3373 ὅ,
1077 3292 1245 3412 gmffl
1310 3303 1311 3320 ι
