2626 3930
462 239 685 307 ...37-

142 394 237 481 Quae
267 394 427 484 cujusque
456 395 551 463 verbi.
576 396 822 486 Conjugationes
850 412 1034 484 occurrant,
1058 412 1091 470 ct

52 504 233 587 quamnam
257 503 371 550 earum
397 503 549 573 quaeque
572 485 835 574 significationem
854 487 974 572 induat,
996 493 1092 560 eLe-
1198 479 1202 490 ’

50 576 132 640 xicrs
156 571 368 661 cognoscitur.

95 691 102 698 ·
145 664 179 752 p.
201 665 234 729 3.
280 662 445 748 Tempora
468 673 541 729 sunt
563 662 642 742 duo,
665 683 804 752 quorum
827 663 963 730 alterum
985 668 1091 736 Prae-

53 754 147 818 teriti
171 769 195 815 s.
219 751 370 837 Perfecta·
392 751 520 817 nomine
544 751 715 839 insignitur,
739 753 900 840 quierem
915 754 1092 840 perlectam

54 839 199 927 ideoque
223 847 345 905 certam
367 835 495 918 indicat,
517 838 653 906 altorum
674 861 752 906 vero
776 841 871 930 vulgo
886 843 1048 910 Fatorum
1064 864 1091 915 s.

53 931 222 1005 Aortetm,
244 925 363 993 rectius
378 929 616 1016 Imperfectum
631 928 817 1017 appellatur,
841 931 917 1018 quia
932 952 1002 998 rem
1014 953 1092 999 non-

55 1016 134 1082 dum
156 1013 337 1102 perfectam
359 1023 457 1103 atque
480 1015 555 1081 ideo
577 1016 734 1083 incertam
758 1019 916 1085 enunciat.

145 1100 216 1170 Sed
238 1104 366 1169 Futuro
390 1103 418 1168 si
439 1102 626 1222 praefigitur
648 1104 775 1196 syllaba
798 1119 815 1212 1
840 1113 999 1195 sequente
1027 1109 1092 1172 Da-

57 1236 160 1302 resch
182 1235 252 1302 lorti
277 1235 369 1315 (Vtro
391 1241 616 1302 conversivam
638 1236 787 1322 Fntmrt‘),
810 1237 895 1325 quae
918 1248 1043 1317 tonum,
1066 1237 1094 1302 si
1122 1305 1127 1318 ,

55 1285 128 1390 fieri
155 1333 275 1412 potest,
306 1323 450 1401 retrahit,
474 1333 508 1390 et
534 1324 683 1403 formam,
710 1322 765 1389 ubi
795 1323 882 1404 licet,
909 1315 1094 1392 breviorem

56 1411 181 1492 reddit,
208 1420 337 1498 tempus
365 1413 525 1478 enascitur
559 1414 751 1479 historicum
782 1413 883 1502 idque
912 1415 1094 1495 relativum,

57 1502 151 1590 quod*
176 1500 352 1566 Praeterito
375 1498 589 1588 'praecedenti
619 1501 881 1570 consecutionem
911 1501 981 1590 ojus
1008 1500 1093 1568 indi-

59 1611 135 1656 cans
157 1588 351 1690 annectitur3
397 1597 510 1678 atque,
538 1589 610 1656 vioe
637 1609 746 1670 versa,
777 1591 891 1680 copula
920 1589 1056 1680 simplex
1079 1603 1094 1694 1

57 1725 246 1790 Praeterito
269 1717 420 1809 praefixa,
445 1723 509 1809 qua
532 1730 626 1788 tonus
642 1720 684 1786 ad
699 1701 798 1789 linem
813 1723 1015 1808 protrahitur,
1031 1700 1095 1790 hoc

57 1821 189 1898 tempus
214 1829 287 1874 cum
310 1808 530 1897 praecedente
553 1809 745 1896 imperativo
768 1819 823 1874 aut
844 1811 962 1877 Futuro
979 1831 1095 1878 conse·

58 1898 222 1966 cntionem
245 1916 358 1964 eorum
381 1896 564 1985 significans
587 1897 762 1997 conjungit:
786 1907 863 2016 'spt-
882 1907 979 2015 Ἶρις
1001 1900 1097 1976 utar,

57 2030 241 2118 olfactum
263 2039 325 2110 ουκ
347 2038 493 2150 0005]
517 2004 575 2148 qi>
599 2036 661 2158 ΠΡ
682 2052 773 2094 omme
795 2029 863 2109 titt,
885 2041 917 2096 et
938 2041 1015 2097 tuac
1028 2031 1095 2097 eol-
1127 2083 1129 2098 .

58 2168 161 2252 ligeaJ
187 2135 311 2267 fflbj]
335 2137 499 2292 wilm,
519 2116 649 2230 estam
668 2163 840 2247 pcgmadit.

148 2269 344 2364 Modisun't
364 2295 819 2381 lacteattomdmpemttam,
841 2294 906 2360 duo
918 2295 1097 2396 Infinitiui,

61 2402 204 2472 quorum
226 2381 315 2462 alter,
338 2384 512 2461 adeotatae,
542 2403 614 2450 cnm
643 2377 743 2448 verbo
771 2379 859 2446 finito
889 2385 1097 2472 conJungitur,

60 2483 113 2539 aut
136 2471 227 2538 vices
251 2470 322 2558 ejus
351 2471 445 2622 perit,
473 2471 569 2555 alter,
597 2480 814 2548 comtrmtm,
837 2480 989 2557 tanquam
1019 2471 1097 2538 sub-

59 2559 233 2626 stantivum
254 2557 385 2624 vorbae
409 2559 607 2639 construitur,
631 2567 664 2623 et
685 2559 919 2643 Parttm'piam,
949 2559 1038 2646 quod
1064 2559 1097 2624 in

59 2651 82 2714 1.
107 2646 198 2734 Conj.
218 2644 380 2734 duplicem
398 2646 540 2725 sormam,
563 2645 699 2712 activam
714 2645 858 2723 alteram,
873 2644 1006 2709 alteram
1021 2663 1097 2730 pas·
1165 2672 1169 2680 ·

61 2737 165 2803 sivam
187 2731 296 2802 habet.
321 2736 536 2821 conjunctivo
560 2743 593 2798 et
619 2734 774 2819 Optatioo
790 2729 1015 2817 ‘exprimendis
1037 2731 1097 2794 im·
1181 2741 1183 2745 ’

60 2824 175 2914 primis
198 2821 306 2889 Futuri
330 2821 453 2890 formae
475 2831 658 2910 apocopam
680 2827 713 2885 ot
739 2823 949 2906 paragogtca
971 2814 1099 2905 (addita

60 2910 193 3005 syllaba
215 2910 285 3032 ,Ἶ-τ-
313 2913 346 2977 in
366 2910 431 2978 fine
450 2912 479 2994 ,1.
502 2917 600 2999 pers.)
623 2907 806 2975 inserviunt

155 3046 270 3113 Genua
293 3052 343 3112 est
365 3041 494 3130 triplex:
518 3039 738 3119 masculinum,
761 3037 946 3106 femininum
956 3050 996 3109 ‘et
1011 3059 1100 3109 eom-

62 3151 172 3204 mune.
197 3173 200 3184 ·
